<record><leader>00000cas a22000007a 4500</leader><controlfield tag="001">30060568</controlfield><controlfield tag="008">940331d18851uuuiluwr ne      0    0eng d</controlfield><datafield ind1=" " ind2=" " tag="010"><subfield code="a">sn 94054294 </subfield></datafield><datafield ind1=" " ind2=" " tag="040"><subfield code="a">NVF</subfield><subfield code="b">eng</subfield><subfield code="c">NVF</subfield><subfield code="d">OCLCQ</subfield><subfield code="d">OCLCF</subfield><subfield code="d">OCLCO</subfield></datafield><datafield ind1="1" ind2=" " tag="029"><subfield code="a">AU@</subfield><subfield code="b">000025878592</subfield></datafield><datafield ind1=" " ind2=" " tag="042"><subfield code="a">msc</subfield></datafield><datafield ind1="0" ind2="0" tag="245"><subfield code="a">Will County press.</subfield></datafield><datafield ind1=" " ind2=" " tag="260"><subfield code="a">Joliet, Ill. :</subfield><subfield code="b">"The Press" Co.</subfield></datafield><datafield ind1=" " ind2=" " tag="300"><subfield code="a">v.</subfield></datafield><datafield ind1=" " ind2=" " tag="310"><subfield code="a">Weekly</subfield></datafield><datafield ind1="0" ind2=" " tag="362"><subfield code="a">Vol. 3, no. 13 (Nov. 20, 1885)-</subfield></datafield><datafield ind1=" " ind2=" " tag="580"><subfield code="a">Daily ed.: Daily press (Joliet, Ill.), 1885-&lt;&gt;.</subfield></datafield><datafield ind1=" " ind2="0" tag="651"><subfield code="a">Joliet (Ill.)</subfield><subfield code="v">Newspapers.</subfield></datafield><datafield ind1=" " ind2="7" tag="655"><subfield code="a">Newspapers.</subfield><subfield code="2">fast</subfield><subfield code="0">(OCoLC)fst01423814</subfield></datafield><datafield ind1=" " ind2="7" tag="651"><subfield code="a">Illinois</subfield><subfield code="z">Joliet.</subfield><subfield code="2">fast</subfield><subfield code="0">(OCoLC)fst01205950</subfield></datafield><datafield ind1=" " ind2=" " tag="752"><subfield code="a">United States</subfield><subfield code="b">Illinois</subfield><subfield code="c">Will</subfield><subfield code="d">Joliet.</subfield></datafield><datafield ind1="1" ind2=" " tag="775"><subfield code="t">Daily press (Joliet, Ill.)</subfield><subfield code="w">(DLC)sn 94054295</subfield></datafield><datafield ind1="0" ind2="0" tag="780"><subfield code="t">Weekly press (Joliet, Ill.)</subfield><subfield code="w">(DLC)sn 94054293</subfield></datafield></record>